<record xmlns="http://www.loc.gov/MARC21/slim" xmlns:xsi="http://www.w3.org/2001/XMLSchema-instance" xsi:schemaLocation="http://www.loc.gov/MARC21/slim http://www.loc.gov/standards/marcxml/schema/MARC21slim.xsd">

  <leader>00761nam a2200193   4500</leader>
  <controlfield tag="008">160511b1971    ag ||||| |||| 00| | spa d</controlfield>
  <datafield tag="090" ind1=" " ind2=" ">
    <subfield code="a">06.05.04</subfield>
    <subfield code="b">2327</subfield>
  </datafield>
  <datafield ind1="1" ind2=" " tag="100">
    <subfield code="9">1713</subfield>
    <subfield code="a">Beard, Ruth M.</subfield>
  </datafield>
  <datafield tag="245" ind2="0" ind1="1">
    <subfield code="a">Psicología evolutiva de Piaget: una síntesis para educadores /</subfield>
    <subfield code="c">Ruth M. Beard, traducción de María Celia Eguibar</subfield>
  </datafield>
  <datafield ind2=" " ind1=" " tag="260">
    <subfield code="a">Buenos Aires, Argentina :</subfield>
    <subfield code="b">Kapelusz,</subfield>
    <subfield code="c">1971</subfield>
  </datafield>
  <datafield tag="300" ind2=" " ind1=" ">
    <subfield code="a">127 páginas</subfield>
  </datafield>
  <datafield tag="490" ind1=" " ind2=" ">
    <subfield code="a">Biblioteca de cultura pedagógica</subfield>
  </datafield>
  <datafield ind1=" " ind2=" " tag="500">
    <subfield code="a">Título de la edición original: An outline of Piaget's developmental psychology for students and teachers</subfield>
  </datafield>
  <datafield tag="600" ind1="1" ind2="4">
    <subfield code="9">639</subfield>
    <subfield code="a">Piaget, Jean</subfield>
  </datafield>
  <datafield ind2="4" ind1="1" tag="650">
    <subfield code="9">1714</subfield>
    <subfield code="a">INTERPRETACIÓN</subfield>
  </datafield>
  <datafield ind1="1" ind2="4" tag="650">
    <subfield code="9">723</subfield>
    <subfield code="a">DESARROLLO DEL NIÑO</subfield>
  </datafield>
  <datafield ind2=" " ind1="1" tag="700">
    <subfield code="9">1715</subfield>
    <subfield code="a">Eguibar, María Celia</subfield>
    <subfield code="e">Traductor/a</subfield>
  </datafield>
  <datafield ind2=" " ind1=" " tag="942">
    <subfield code="2">z</subfield>
    <subfield code="c">01</subfield>
  </datafield>
  <datafield tag="999" ind2=" " ind1=" ">
    <subfield code="c">3212</subfield>
    <subfield code="d">3212</subfield>
  </datafield>
</record>